<?xml version="1.0" encoding="UTF-8"?><collection xmlns="http://www.loc.gov/MARC21/slim"><record><leader>00430nam--2200133-i-4500</leader><controlfield tag="001">000043611</controlfield><controlfield tag="002">20161230</controlfield><controlfield tag="005">20161230201044</controlfield><controlfield tag="008">060222s1000------------r-----000-0-eng-d</controlfield><datafield ind1=" " ind2=" " tag="100"><subfield code="a">Stromblad, John</subfield></datafield><datafield ind1=" " ind2=" " tag="245"><subfield code="a">Beschleunigungsverlauf und gleichgewichtsdrehzahlen einfacher planetengetriebe neost selbsthemmungsversuche</subfield></datafield><datafield ind1=" " ind2=" " tag="260"><subfield code="a">Goteburg, Gumperts Forlag, 1960, 77p</subfield></datafield><datafield ind1=" " ind2=" " tag="490"><subfield code="a">Chalmers Tekniska Hogskolas Handl</subfield></datafield><datafield ind1=" " ind2=" " tag="852"><subfield code="a">13929</subfield></datafield></record></collection>